<record><leader>00000cas a22000007a 4500</leader><controlfield tag="001">10985362</controlfield><controlfield tag="008">840725d18uu1874inuwr ne      0    0eng d</controlfield><datafield ind1=" " ind2=" " tag="010"><subfield code="a">sn 84027275 </subfield></datafield><datafield ind1=" " ind2=" " tag="040"><subfield code="a">NPU</subfield><subfield code="b">eng</subfield><subfield code="c">NPU</subfield><subfield code="d">NPX</subfield><subfield code="d">NPU</subfield><subfield code="d">NPI</subfield><subfield code="d">OCLCQ</subfield></datafield><datafield ind1=" " ind2=" " tag="042"><subfield code="a">msc</subfield></datafield><datafield ind1="0" ind2="0" tag="245"><subfield code="a">Steuben County Republican.</subfield></datafield><datafield ind1=" " ind2=" " tag="260"><subfield code="a">Angola, Steuben County, Ind. :</subfield><subfield code="b">[s.n.],</subfield><subfield code="c">-1874.</subfield></datafield><datafield ind1=" " ind2=" " tag="310"><subfield code="a">Weekly</subfield></datafield><datafield ind1="0" ind2=" " tag="362"><subfield code="a">-v. 17, no. 48 (Apr. 1, 1874).</subfield></datafield><datafield ind1=" " ind2=" " tag="588"><subfield code="a">Description based on: Jan. 6, 18[70].</subfield></datafield><datafield ind1=" " ind2=" " tag="752"><subfield code="a">United States</subfield><subfield code="b">Indiana</subfield><subfield code="c">Steuben</subfield><subfield code="d">Angola.</subfield></datafield><datafield ind1="0" ind2="0" tag="780"><subfield code="t">Steuben Republican (Angola, Ind. : 1857)</subfield><subfield code="w">(DLC)sn 84023866</subfield><subfield code="w">(OCoLC)11048943</subfield></datafield><datafield ind1="0" ind2="0" tag="785"><subfield code="t">Steuben Republican (Angola, Ind. : 1874)</subfield><subfield code="w">(DLC)sn 84023861</subfield><subfield code="w">(OCoLC)11048993</subfield></datafield></record>